@book{charlesroberts2015logic,
	title={Introduction to Mathematical Proofs: A Transition to Advanced Mathematics},
	author={Charles E. Roberts Jr.},
	year={2015},
	publisher={CRC Press}
}

@book{johnsonbaugh2005logic,
	title={Matem{\'a}ticas discretas},
	author={Johnsonbaugh, Richard},
	year={2005},
	publisher={Pearson Educaci{\'o}n}
}

@book{rogerantonsenlogic,
	author = {Roger Antonsen},
	title = {Logical Methods: The Art of Thinking Abstractly and Mathematically},
	year = {2021},
	language = {English},
	origlanguage = {Norwegian},
	publisher = {Springer},
}


@book{jamesstewart2021calculus,
	author = {James Stewart and Daniel Clegg and Saleem Watson},
	title = {Calculus: Early Transcendentals},
	year = {2021},
	language = {English},
	origlanguage = {English},
	edition = {9th},
	publisher = {Cengage Learning},
}

@book{robertbartle2011calculo,
	author = {Robert G. Bartle and Donald R. Sherbert},
	title = {Introduction to Real Analysis},
	year = {2011},
	language = {English},
	publisher = {John Wiley \& Sons},
	edition = {4th}
}

@book{saturninosalas2007calculus,
	author = {Saturnino Salas and Einar Hille and Garret Etgen},
	title = {Calculus: One and Several Variables},
	year = {2007},
	language = {English},
	edition = {10th},
	publisher = {John Wiley \& Sons},
}

@book{patrickhurley2018logic,
	author = {Patrick J. Hurley and Lori Watson},
	title = {A Concise Introduction to Logic},
	year = {2018},
	language = {English},
	edition = {13th},
	publisher = {Cengage Learning},
}

@book{carmen2014algebra,
	author = {Carmen G\'{o}mez Laveaga},
	title = {\'{A}lgebra Superior: Curso Completo},
	year = {2014},
	publisher = {Universidad Nacional Aut\'{o}noma de M\'{e}xico},
}

@book{angel2022calculus,
	author = {\'{A}ngel Yael Cort\'{e}s Cruz},
	title = {Notas de C\'{a}lculo Integral},
	year = {2022},
	publisher = {MathPures},
}

